@misc{p2-1,
  title = {{If \(n\) is a natural number \(\geq 2\) how do I prove that any
           graph with \(n\) vertices has at least two vertices of the same
           degree?}},
  author = {Brian M. Scott},
  date = {2012},
  url = "
         https://math.stackexchange.com/questions/251310/if-n-is-a-natural-number-ge-2-how-do-i-prove-that-any-graph-with-n-vertic?rq=1
         ",
}

@misc{p1,
  title = {Arrange 1-12 around a circle},
  author = {anonymous, Cookie},
  date = {2015},
  url = "
         https://math.stackexchange.com/questions/1332139/arrange-1-12-around-a-circle
         ",
}


