@misc{euler-graph-prf,
  title = {{Proof: Graph is Eulerian iff All Vertices have Even Degree | Euler
           Circuits, Graph Theory}},
  date = {2020},
  organization = {YouTube},
  author = {Wrath of Math},
  url = {https://www.youtube.com/watch?v=wC99T3aVDKQ},
}

